@Book{dam,
	title  = {Computer Graphics; Principles and practice},
	author = {J. D. Foley, A. Van Dam, S. K. Feiner and J. F. Hughes},
	publisher = {Addison Wesley},
	year = {1997}
}
@Book{baker,
	title  = {Computer Graphics - C version;},
	author = {D. Hearn and M. P. Baker},
	publisher = {Pearson Education},
	year = {2004}
}
@Book{bakerGL,
	title  = {Computer Graphics - OpenGL version},
	author = {D. Hearn and M. P. Baker},
	publisher = {Pearson Education},
	year = {2004}
}
@Book{rogersadams,
	title  = {Mathematical elements for Computer Graphics},
	author = {D. F. Rogers and J. A. Adams},
	publisher = {McGraw-Hill International. Edn.},
	year = {1990}
}
@Book{hill,
	title  = {Computer Graphics using OpenGL},
	author = {F. S. Hill Jr.},
	publisher = {Pearson Education},
	year = {2003}
}
@Book{bluebk,
	title  = {The OpenGL Reference Manual - The Bluebook},
	author = {},
	publisher = {Addison-Wesley},
	year = {}
}
@Book{redbk,
	title  = {The OpenGL Programming Guide - The Redbook},
	author = {},
	publisher = {Addison-Wesley},
	year = {}
}
@Book{oglpg,
	title  = {OpenGL Programming Guide},
	author = {Shreiner and Woo and Neider and Davis},
	publisher = {Pearson Education},
	year = {2008}
}
@Book{PBDM,
	title  = {Physically Based Deformable Models in Computer Graphics},
	author = {Andrew Nealen and Matthias MÃ¼ller and Richard Keiser and Eddy Boxerman and Mark Carlson},
	publisher = {ETH Z\"urich and TU Darmstadt and University of British Columbia},
	year = {2005}
}
@Book{IASDO,
	title  = {Interactive animation of structured deformable objects},
	author = {Mathieu Desbrun, Peter Schr\"oder and Alan Barr},
	publisher = {Caltech},
	year = {-}
}
@Book{LSCS,
	title  = {Large Steps in Cloth Simulation},
	author = {David Baraff, Andrew Witkin},
	publisher = {Robotics Institute Carnegie Mellon University},
	year = {-}
}
@Book{DCMSM,
	title  = {Deformation Constraints in a Mass Spring Model to Describe rigid cloth behavior},
	author = {Xavier Provot},
	publisher = {INRIA, France},
	year = {-}
}
@Book{hair,
	title  = {A mass spring model for hair simulation},
	author = {Andrew Selle and Michael LEntine and Ronald Fedkiw},
	publisher = {ACM Siggraph},
	year = {-}
}
@Book{wiki,
	title  = {Soft Body Dynamics},
	author = {Wikipedia},
	publisher = { \url{http://en.wikipedia.org/wiki/Soft_body_dynamics} },
	year = {2012}
}
@Book{gama,
	title  = {Exploring Spring Model},
	author = {Gamasutra.com},
	publisher = { \url{http://www.gamasutra.com/view/feature/131441/exploring_spring_model.php}} ,
	year = {2012}
}
@Book{opengl,
	title  = {OpenGL},
	author = {-},
	publisher = { \url{http://www.opengl.org}} ,
	year = {2012}
}
@Book{key,
	title  = {},
	author = {},
	publisher = {},
	year = {}
}


