@Book{dam,
	title  = {Computer Graphics; Principles and practice},
	author = {J. D. Foley, A. Van Dam, S. K. Feiner and J. F. Hughes},
	publisher = {Addison Wesley},
	year = {1997}
}
@Book{baker,
	title  = {Computer Graphics - C version;},
	author = {D. Hearn and M. P. Baker},
	publisher = {Pearson Education},
	year = {2004}
}
@Book{key,
	title  = {Computer Graphics - OpenGL version},
	author = {D. Hearn and M. P. Baker},
	publisher = {Pearson Education},
	year = {2004}
}
@Book{rogersadams,
	title  = {Mathematical elements for Computer Graphics},
	author = {D. F. Rogers and J. A. Adams},
	publisher = {McGraw-Hill International. Edn.},
	year = {1990}
}
@Book{hill,
	title  = {Computer Graphics using OpenGL},
	author = {F. S. Hill Jr.},
	publisher = {Pearson Education},
	year = {2003}
}
@Book{key,
	title  = {The OpenGL Reference Manual - The Bluebook},
	author = {},
	publisher = {Addison-Wesley},
	year = {}
}
@Book{key,
	title  = {The OpenGL Programming Guide - The Redbook},
	author = {},
	publisher = {Addison-Wesley},
	year = {}
}
@Book{key,
	title  = {OpenGL Programming Guide},
	author = {Shreiner, Woo, Neider, Davis},
	publisher = {Pearson Education},
	year = {2008}
}
@Book{key,
	title  = {},
	author = {},
	publisher = {},
	year = {}
}
